@inproceedings{coomans2024realtime,
    title = {Real-time Neural Rendering of Dynamic Light Fields},
    author = {Arno Coomans, Edoardo A. Dominci, Christian DÃ¶ring, Joerg H.
              Mueller, Jozef Hladky, Markus Steinberger },
    year = {2024},
    booktitle = {TBA},
}
